@misc{feres,
    title = {Gestão de Ativos de TI – Uma gestão corporativa},
	url = {http://www.hdibrasil.com.br/publicacoes/newsletter-service-news/686-fabricio-feres},
	language = {Portugu{\^e}s},
	urldate = {2016-06-20},
	author = {Fabricio Feres},
	year = {2014}
}

@Book{itil2011,
author = {ITIL},
editor = {TSO},
title = {ITIL Service Transition},
publisher = {TSO},
year = {2011},
OPTkey = {9780113313068},

}


